@article{Steffen1990,
    author={Steffen, M.},
    title={A simple method for monotonic interpolation in one dimension},
    journal={Astron. Astrophys.},
    volume={239},
    pages={443-450},
    year={1990}
}