@phdthesis{Rom15,
	author = {{C. Romig}},
	title = {{Investigation of Nuclear Structure with Relative Self-Absorption Measurements}},
	school = {{Technische Universit\"at Darmstadt}},
	year = {{2015}}
}

@phdthesis{Pie93,
	author = {{N. Pietralla}},
	title = {{Lebensdauerbestimmung im Kern $^{27}$Al durch Selbstabsorptions-Experimente}},
	school = {{Universität zu Köln}},
	year = {{1993}}
}

@article{Met59,
	author = {{F.R. Metzger}},
	title = {{Resonance Fluorescence in Nuclei}},
	journal = {{Progress in Nuclear Physics}},
	volume = {{7}},
	pages = {{53-88}},
	year = {{1959}}
}

@article{Lam39,
	title = {Capture of Neutrons by Atoms in a Crystal},
	author = {Lamb, Willis E.},
	journal = {Phys. Rev.},
	volume = {55},
	issue = {2},
	pages = {190--197},
	numpages = {0},
	year = {1939},
	month = {Jan},
	publisher = {American Physical Society},
	doi = {10.1103/PhysRev.55.190},
	url = {https://link.aps.org/doi/10.1103/PhysRev.55.190}
}

@article{Bre36,
  	title = {Capture of Slow Neutrons},
	author = {Breit, G. and Wigner, E.},
	journal = {Phys. Rev.},
	volume = {49},
	issue = {7},
	pages = {519--531},
	numpages = {0},
	year = {1936},
	month = {Apr},
	publisher = {American Physical Society},
	doi = {10.1103/PhysRev.49.519},
	url = {https://link.aps.org/doi/10.1103/PhysRev.49.519}
}

@article{Bet37,
  title = {Resonance Effects in Nuclear Processes},
  author = {Bethe, H. A. and Placzek, G.},
  journal = {Phys. Rev.},
  volume = {51},
  issue = {6},
  pages = {450--484},
  numpages = {0},
  year = {1937},
  month = {Mar},
  publisher = {American Physical Society},
  doi = {10.1103/PhysRev.51.450},
  url = {https://link.aps.org/doi/10.1103/PhysRev.51.450}
}

@article{Sin60,
  title = {Resonance Absorption of Nuclear Gamma Rays and the Dynamics of Atomic Motions},
  author = {Singwi, K. S. and Sj\"olander, A.},
  journal = {Phys. Rev.},
  volume = {120},
  issue = {4},
  pages = {1093--1102},
  numpages = {0},
  year = {1960},
  month = {Nov},
  publisher = {American Physical Society},
  doi = {10.1103/PhysRev.120.1093},
  url = {https://link.aps.org/doi/10.1103/PhysRev.120.1093}
}

